<record><leader>00000cas a22000007a 4500</leader><controlfield tag="001">15971851</controlfield><controlfield tag="008">870615d19091914iaudn ne      0    0eng d</controlfield><controlfield tag="009">5087</controlfield><datafield ind1=" " ind2=" " tag="010"><subfield code="a">sn 87058317 </subfield></datafield><datafield ind1=" " ind2=" " tag="040"><subfield code="a">INP</subfield><subfield code="b">eng</subfield><subfield code="c">INP</subfield></datafield><datafield ind1=" " ind2=" " tag="042"><subfield code="a">msc</subfield></datafield><datafield ind1="0" ind2="0" tag="245"><subfield code="a">Waterloo reporter.</subfield></datafield><datafield ind1="1" ind2="3" tag="246"><subfield code="a">Waterloo daily reporter</subfield></datafield><datafield ind1=" " ind2=" " tag="260"><subfield code="a">Waterloo, Iowa :</subfield><subfield code="b">Matt. Parrott &amp; Sons,</subfield><subfield code="c">1909-1914.</subfield></datafield><datafield ind1=" " ind2=" " tag="300"><subfield code="a">v.</subfield></datafield><datafield ind1=" " ind2=" " tag="310"><subfield code="a">Daily (except Sunday)</subfield></datafield><datafield ind1="0" ind2=" " tag="362"><subfield code="a">July 8, 1909-Mar. 10, 1914.</subfield></datafield><datafield ind1=" " ind2=" " tag="500"><subfield code="a">Published as: Waterloo daily reporter, Nov. 16-Dec. 10, 1909.</subfield></datafield><datafield ind1=" " ind2=" " tag="752"><subfield code="a">United States</subfield><subfield code="b">Iowa</subfield><subfield code="c">Black Hawk</subfield><subfield code="d">Waterloo.</subfield></datafield><datafield ind1="0" ind2="0" tag="780"><subfield code="t">Waterloo daily reporter</subfield><subfield code="w">(DLC)sn 87058316</subfield></datafield><datafield ind1="0" ind2="7" tag="785"><subfield code="t">Waterloo evening courier</subfield><subfield code="w">(DLC)sn 87058311</subfield></datafield><datafield ind1="0" ind2="7" tag="785"><subfield code="t">Waterloo evening courier and Waterloo daily reporter</subfield><subfield code="w">(DLC)sn 87058312</subfield></datafield></record>